%%%%%%%%%%%%%%%%%%%%%%%%%%%%%%%%%%%%%%%%%%%%%%%%%%%%%%%%%%%%%%%%%%%%%%%%%%%%%%%%%%%%%%%%%%%
% Miscellaneous
%%%%%%%%%%%%%%%%%%%%%%%%%%%%%%%%%%%%%%%%%%%%%%%%%%%%%%%%%%%%%%%%%%%%%%%%%%%%%%%%%%%%%%%%%%%

@misc{nlopt,
    title = {The NLopt nonlinear-optimization package},
    author = {Steven G. Johnson},
	howpublished = "\url{http://ab-initio.mit.edu/nlopt}"
}
@article{gablonsky2001locally,
  title={A locally-biased form of the DIRECT algorithm},
  author={Gablonsky, Joerg M and Kelley, Carl T},
  journal={Journal of Global Optimization},
  volume={21},
  number={1},
  pages={27--37},
  year={2001},
  publisher={Springer}
}